@MISC{schneebeli,
    AUTHOR="H.R. Schneebeli",
    TITLE="Ableitungen, analytisch und numerisch",
    YEAR ="2016",
}

@MISC{westermann,
  author       = {Thomas Westermann},
  title        = {Numerisches {Differenzieren} und {Integrieren}},
  year         = 2018
}

@MISC{am,
  author       = {Hella Rabus und Frank Ebert},
  title        = {Vorlesung {Angewandte} {Mathematik} {I/II}},
  year         = 2019
}

@MISC{nla,
  author       = {Caren Tischendorf},
  title        = {Vorlesung {Numerische} {Lineare} {Algebra} {I}},
  year         = 2019
}

@MISC{ppi,
  author       = {Hella Rabus},
  title        = {Projektpraktikum {I}},
  year         = 2019
}
