@TECHREPORT{tischendorf2019,
  author       = {Caren Tischendorf},
  title        = {Vorlesung {Numerische} {Lineare} {Algebra} {I}},
  institution  = {Humboldt-Universität zu Berlin},
  year         = 2019,
  type = {Vorlesungsskript}
}

@TECHREPORT{rabus2019,
  author       = {Hella Rabus},
  title        = {Projektpraktikum {I}},
  institution  = {Humboldt-Universität zu Berlin},
  year         = 2019,
  type         = {Lehrveranstaltung}
}
