@MISC{am,
  author       = {Hella Rabus und Frank Ebert},
  title        = {Vorlesung {Angewandte} {Mathematik} {I/II}},
  year         = 2019
}

@MISC{nla,
  author       = {Caren Tischendorf},
  title        = {Vorlesung {Numerische} {Lineare} {Algebra} {I}},
  year         = 2019
}

@MISC{ppi,
  author       = {Hella Rabus},
  title        = {Projektpraktikum {I}},
  year         = 2019
}
