@MISC{tischendorf2019,
  author       = {Caren Tischendorf},
  title        = {Vorlesung {Numerische} {Lineare} {Algebra} {I}},
  year         = 2019
}

@MISC{rabus2019,
  author       = {Hella Rabus},
  title        = {Projektpraktikum {I}},
  year         = 2019
}
